@article{claessen2011quickcheck,
  title={QuickCheck: a lightweight tool for random testing of Haskell programs},
  author={Claessen, Koen and Hughes, John},
  journal={Acm sigplan notices},
  volume={46},
  number={4},
  pages={53--64},
  year={2011},
  publisher={ACM New York, NY, USA}
}

@article{duran1984evaluation,
  title={An evaluation of random testing},
  author={Duran, Joe W and Ntafos, Simeon C},
  journal={IEEE transactions on Software Engineering},
  number={4},
  pages={438--444},
  year={1984},
  publisher={IEEE}
}

@misc{zalewski2014american,
  title={American fuzzy lop},
  author={Zalewski, Michal},
  year={2014}
}

@article{eddington2011peach,
  title={Peach fuzzing platform},
  author={Eddington, Michael},
  journal={Peach Fuzzer},
  volume={34},
  year={2011}
}

@article{swiecki2017honggfuzz,
  title={Honggfuzz: A general-purpose, easy-to-use fuzzer with interesting analysis options},
  author={Swiecki, Robert},
  journal={URl: https://github. com/google/honggfuzz (visited on 06/21/2017)},
  year={2017}
}

@inproceedings{wang2019superion,
  title={Superion: Grammar-aware greybox fuzzing},
  author={Wang, Junjie and Chen, Bihuan and Wei, Lei and Liu, Yang},
  booktitle={2019 IEEE/ACM 41st International Conference on Software Engineering (ICSE)},
  pages={724--735},
  year={2019},
  organization={IEEE}
}

@inproceedings{holler2012fuzzing,
  title={Fuzzing with code fragments},
  author={Holler, Christian and Herzig, Kim and Zeller, Andreas},
  booktitle={Presented as part of the 21st $\{$USENIX$\}$ Security Symposium ($\{$USENIX$\}$ Security 12)},
  pages={445--458},
  year={2012}
}

@article{grieco2016quickfuzz,
  title={QuickFuzz: An automatic random fuzzer for common file formats},
  author={Grieco, Gustavo and Ceresa, Mart{\'\i}n and Buiras, Pablo},
  journal={ACM SIGPLAN Notices},
  volume={51},
  number={12},
  pages={13--20},
  year={2016},
  publisher={ACM New York, NY, USA}
}

@article{grieco2017quickfuzz,
  title={QuickFuzz testing for fun and profit},
  author={Grieco, Gustavo and Ceresa, Mart{\'\i}n and Mista, Agust{\'\i}n and Buiras, Pablo},
  journal={Journal of Systems and Software},
  volume={134},
  pages={340--354},
  year={2017},
  publisher={Elsevier}
}

@inproceedings{miller2007analysis,
  title={Analysis of mutation and generation-based fuzzing},
  author={Miller, Charlie and Peterson, Zachary NJ and others},
  booktitle={Independent Security Evaluators, Tech. Rep},
  volume={4},
  year={2007}
}

@Misc{dharma,
  author	= {{Mozilla}},
  title		= {{Dharma: a generation-based, context-free grammar
		  fuzzer}},
  howpublished	= "\mbox{\url{https://github.com/MozillaSecurity/dharma}}",
  year		= {2015}
}

@article{lampropoulos2019coverage,
  title={Coverage guided, property based testing},
  author={Lampropoulos, Leonidas and Hicks, Michael and Pierce, Benjamin C},
  journal={Proceedings of the ACM on Programming Languages},
  volume={3},
  number={OOPSLA},
  pages={1--29},
  year={2019},
  publisher={ACM New York, NY, USA}
}

@article{mista2018branching,
  title={Branching processes for quickcheck generators},
  author={Mista, Agust{\'\i}n and Russo, Alejandro and Hughes, John},
  journal={ACM SIGPLAN Notices},
  volume={53},
  number={7},
  pages={1--13},
  year={2018},
  publisher={ACM New York, NY, USA}
}

@inproceedings{mista2019generating,
  title={Generating random structurally rich algebraic data type values},
  author={Mista, Agust{\'\i}n and Russo, Alejandro},
  booktitle={2019 IEEE/ACM 14th International Workshop on Automation of Software Test (AST)},
  pages={48--54},
  year={2019},
  organization={IEEE}
}

@article{duregaard2012feat,
  title={Feat: functional enumeration of algebraic types},
  author={Dureg{\aa}rd, Jonas and Jansson, Patrik and Wang, Meng},
  journal={ACM SIGPLAN Notices},
  volume={47},
  number={12},
  pages={61--72},
  year={2012},
  publisher={ACM New York, NY, USA}
}

@inproceedings{poulding2014generating,
  title={Generating structured test data with specific properties using Nested Monte-Carlo Search},
  author={Poulding, Simon and Feldt, Robert},
  booktitle={Proceedings of the 2014 Annual Conference on Genetic and Evolutionary Computation},
  pages={1279--1286},
  year={2014}
}

@inproceedings{denes2014quickchick,
  title={QuickChick: Property-based testing for Coq},
  author={D{\'e}n{\`e}s, Maxime and Hritcu, Catalin and Lampropoulos, Leonidas and Paraskevopoulou, Zoe and Pierce, Benjamin C},
  booktitle={The Coq Workshop},
  year={2014}
}

@article{lampropoulos2017generating,
  title={Generating good generators for inductive relations},
  author={Lampropoulos, Leonidas and Paraskevopoulou, Zoe and Pierce, Benjamin C},
  journal={Proceedings of the ACM on Programming Languages},
  volume={2},
  number={POPL},
  pages={1--30},
  year={2017},
  publisher={ACM New York, NY, USA}
}


@Misc{wasm-lib,
  author	= {{Ilya Rezvov}},
  title		= {{wasm: WebAssembly Language Toolkit and Interpreter}},
  howpublished	= "\mbox{\url{https://hackage.haskell.org/package/wasm}}",
  year		= {2018}
}

@inproceedings{runciman2008smallcheck,
  title={{SmallCheck and Lazy SmallCheck: automatic exhaustive testing for small values}},
  author={Runciman, Colin and Naylor, Matthew and Lindblad, Fredrik},
  booktitle={Proceedings of the first ACM SIGPLAN symposium on Haskell},
  pages={37--48},
  year={2008}
}

@article{boyapati2002korat,
  title={Korat: Automated testing based on Java predicates},
  author={Boyapati, Chandrasekhar and Khurshid, Sarfraz and Marinov, Darko},
  journal={ACM SIGSOFT Software Engineering Notes},
  volume={27},
  number={4},
  pages={123--133},
  year={2002},
  publisher={ACM New York, NY, USA}
}

@inproceedings{haas2017bringing,
  title={Bringing the web up to speed with WebAssembly},
  author={Haas, Andreas and Rossberg, Andreas and Schuff, Derek L and Titzer, Ben L and Holman, Michael and Gohman, Dan and Wagner, Luke and Zakai, Alon and Bastien, JF},
  booktitle={Proceedings of the 38th ACM SIGPLAN Conference on Programming Language Design and Implementation},
  pages={185--200},
  year={2017}
}